@inproceedings{Wang:2013:DTP:2463372.2463419,
 author = {Wang, Shih-Ming and Wu, Jie-Wei and Chen, Wei-Ming and Yu, Tian-Li},
 title = {Design of Test Problems for Discrete Estimation of Distribution Algorithms},
 booktitle = {Proceedings of the 15th Annual Conference on Genetic and Evolutionary Computation},
 series = {GECCO '13},
 year = {2013},
 isbn = {978-1-4503-1963-8},
 location = {Amsterdam, The Netherlands},
 pages = {407--414},
 numpages = {8},
 url = {http://doi.acm.org/10.1145/2463372.2463419},
 doi = {10.1145/2463372.2463419},
 acmid = {2463419},
 publisher = {ACM},
 address = {New York, NY, USA},
 keywords = {building blocks, genetic algorithms, non-separable problems, performance measures},
} 


@INPROCEEDINGS{6900275,
author={Shih-Ming Wang and Yu-Fan Tung and Tian-Li Yu},
booktitle={Evolutionary Computation (CEC), 2014 IEEE Congress on},
title={Investigation on efficiency of optimal mixing on various linkage sets},
year={2014},
month={July},
pages={2475-2482},
keywords={genetic algorithms;set theory;trees (mathematics);CP index;LS;LT;OM;cost-performance index;linkage sets;linkage tree model;optimal mixing operator;solution quality;that;Biological cells;Buildings;Cloning;Couplings;Receivers;Sociology;Statistics},
doi={10.1109/CEC.2014.6900275},}

@inproceedings{DBLP:dblp_conf/cec/WangTY14,
   author              = {Shih-Ming Wang and 
                          Yu-Fan Tung and 
                          Tian-Li Yu},
   title               = {Investigation on efficiency of optimal mixing on various linkage sets.},
   booktitle           = {IEEE Congress on Evolutionary Computation},
   year                = {2014},
   pages               = {2475-2482},
   ee                  = {http://dx.doi.org/10.1109/CEC.2014.6900275},
   crossref            = {2014},
}


@inproceedings{DBLP:dblp_conf/gecco/WangWCY13,
   author              = {Shih-Ming Wang and 
                          Jie-Wei Wu and 
                          Wei-Ming Chen and 
                          Tian-Li Yu},
   title               = {Design of test problems for discrete estimation of distribution algorithms.},
   booktitle           = {GECCO},
   year                = {2013},
   pages               = {407-414},
   ee                  = {http://doi.acm.org/10.1145/2463372.2463419},
   crossref            = {2013},
}


